@article{cambr,
author = {Laurent, P and Fagnard, J. and Vanderheyden, B and Nadendla, Haribabu and Cardwell, David and Ausloos, Marcel and Vanderbemden, P.},
year = {2008},
month = {05},
pages = {},
title = {An AC susceptometer for the characterization of large, bulk superconducting samples},
volume = {19},
journal = {Measurement Science and Technology},
doi = {10.1088/0957-0233/19/8/085705}
}
@ARTICLE{Gerlach1922-yw,
  title   = "Der experimentelle Nachweis der Richtungsquantelung im Magnetfeld",
  author  = "Gerlach, Walther and Stern, Otto",
  journal = "Zeitschrift f{\"u}r Physik",
  volume  =  9,
  number  =  1,
  pages   = "349--352",
  month   =  dec,
  year    =  1922
}
