@ARTICLE{Gerlach1922-yw,
  title   = "Der experimentelle Nachweis der Richtungsquantelung im Magnetfeld",
  author  = "Gerlach, Walther and Stern, Otto",
  journal = "Zeitschrift f{\"u}r Physik",
  volume  =  9,
  number  =  1,
  pages   = "349--352",
  month   =  dec,
  year    =  1922
}
